
@inproceedings{abadi2016deep,
  title={Deep learning with differential privacy},
  author={Abadi, Martin and Chu, Andy and Goodfellow, Ian and McMahan, H Brendan and Mironov, Ilya and Talwar, Kunal and Zhang, Li},
  booktitle={Proceedings of the 2016 ACM SIGSAC Conference on Computer and Communications Security},
  pages={308--318},
  year={2016}
}

@inproceedings{hitaj2017deep,
  title={Deep models under the GAN: information leakage from collaborative deep learning},
  author={Hitaj, Briland and Ateniese, Giuseppe and Perez-Cruz, Fernando},
  booktitle={Proceedings of the 2017 ACM SIGSAC Conference on Computer and Communications Security},
  pages={603--618},
  year={2017}
}


@article{deng2012mnist,
  title={The mnist database of handwritten digit images for machine learning research [best of the web]},
  author={Deng, Li},
  journal={IEEE Signal Processing Magazine},
  volume={29},
  number={6},
  pages={141--142},
  year={2012},
  publisher={IEEE}
}

@article{vepakomma2018no,
  title={No Peek: A Survey of private distributed deep learning},
  author={Vepakomma, Praneeth and Swedish, Tristan and Raskar, Ramesh and Gupta, Otkrist and Dubey, Abhimanyu},
  journal={arXiv preprint arXiv:1812.03288},
  year={2018}
}

@article{ma2018privacy,
  title={Privacy preserving multi-party computation delegation for deep learning in cloud computing},
  author={Ma, Xu and Zhang, Fangguo and Chen, Xiaofeng and Shen, Jian},
  journal={Information Sciences},
  volume={459},
  pages={103--116},
  year={2018},
  publisher={Elsevier}
}

@article{noda2015audio,
  title={Audio-visual speech recognition using deep learning},
  author={Noda, Kuniaki and Yamaguchi, Yuki and Nakadai, Kazuhiro and Okuno, Hiroshi G and Ogata, Tetsuya},
  journal={Applied Intelligence},
  volume={42},
  number={4},
  pages={722--737},
  year={2015},
  publisher={Springer}
}

@misc{shultz2015your,
  title={When your voice betrays you},
  author={Shultz, David},
  year={2015},
  publisher={American Association for the Advancement of Science}
}

@article{bos2014private,
  title={Private predictive analysis on encrypted medical data},
  author={Bos, Joppe W and Lauter, Kristin and Naehrig, Michael},
  journal={Journal of biomedical informatics},
  volume={50},
  pages={234--243},
  year={2014},
  publisher={Elsevier}
}


@inproceedings{song2013stochastic,
  title={Stochastic gradient descent with differentially private updates},
  author={Song, Shuang and Chaudhuri, Kamalika and Sarwate, Anand D},
  booktitle={2013 IEEE Global Conference on Signal and Information Processing},
  pages={245--248},
  year={2013},
  organization={IEEE}
}


@inproceedings{krizhevsky2012imagenet,
  title={Imagenet classification with deep convolutional neural networks},
  author={Krizhevsky, Alex and Sutskever, Ilya and Hinton, Geoffrey E},
  booktitle={Advances in neural information processing systems},
  pages={1097--1105},
  year={2012}
}

@inproceedings{simard2003best,
  title={Best practices for convolutional neural networks applied to visual document analysis.},
  author={Simard, Patrice Y and Steinkraus, David and Platt, John C and others},
  booktitle={Icdar},
  volume={3},
  number={2003},
  year={2003}
}


@inproceedings{denas2013deep,
  title={Deep modeling of gene expression regulation in an erythropoiesis model},
  author={Denas, Olgert and Taylor, James},
  booktitle={Representation Learning, ICML Workshop},
  year={2013},
  organization={ACM New York, USA}
}

@inproceedings{taigman2014deepface,
  title={Deepface: Closing the gap to human-level performance in face verification},
  author={Taigman, Yaniv and Yang, Ming and Ranzato, Marc'Aurelio and Wolf, Lior},
  booktitle={Proceedings of the IEEE conference on computer vision and pattern recognition},
  pages={1701--1708},
  year={2014}
}

@article{chang2016google,
  title={Google Deep Mind's AlphaGo},
  author={Chang, Hyeong Soo and Fu, Michael C and Hu, Jiaqiao and Marcus, Steven I},
  journal={OR/MS Today},
  volume={43},
  number={5},
  pages={24--29},
  year={2016}
}

@article{lai2015giraffe,
  title={Giraffe: Using deep reinforcement learning to play chess},
  author={Lai, Matthew},
  journal={arXiv preprint arXiv:1509.01549},
  year={2015}
}

@inproceedings{cruz2013deep,
  title={A deep learning architecture for image representation, visual interpretability and automated basal-cell carcinoma cancer detection},
  author={Cruz-Roa, Angel Alfonso and Ovalle, John Edison Arevalo and Madabhushi, Anant and Osorio, Fabio Augusto Gonz{\'a}lez},
  booktitle={International Conference on Medical Image Computing and Computer-Assisted Intervention},
  pages={403--410},
  year={2013},
  organization={Springer}
}

@inproceedings{fakoor2013using,
  title={Using deep learning to enhance cancer diagnosis and classification},
  author={Fakoor, Rasool and Ladhak, Faisal and Nazi, Azade and Huber, Manfred},
  booktitle={Proceedings of the international conference on machine learning},
  volume={28},
  year={2013},
  organization={ACM New York, USA}
}

@inproceedings{bonawitz2017practical,
  title={Practical secure aggregation for privacy-preserving machine learning},
  author={Bonawitz, Keith and Ivanov, Vladimir and Kreuter, Ben and Marcedone, Antonio and McMahan, H Brendan and Patel, Sarvar and Ramage, Daniel and Segal, Aaron and Seth, Karn},
  booktitle={Proceedings of the 2017 ACM SIGSAC Conference on Computer and Communications Security},
  pages={1175--1191},
  year={2017}
}

@INPROCEEDINGS{7040943, author={S. {Yakoubov} and V. {Gadepally} and N. {Schear} and E. {Shen} and A. {Yerukhimovich}}, booktitle={2014 IEEE High Performance Extreme Computing Conference (HPEC)}, title={A survey of cryptographic approaches to securing big-data analytics in the cloud}, year={2014}, volume={}, number={}, pages={1-6},}

@article{sheikh2010distributed,
  title={A distributed k-secure sum protocol for secure multi-party computations},
  author={Sheikh, Rashid and Kumar, Beerendra and Mishra, Durgesh Kumar},
  journal={arXiv preprint arXiv:1003.4071},
  year={2010}
}

@article{miyajima2016new,
  title={New privacy preserving back propagation learning for secure multiparty computation},
  author={Miyajima, Hirofumi and Shigei, Noritaka and Miyajima, Hiromi and Miyanishi, Yohtaro and Kitagami, Shinji and Shiratori, Norio},
  journal={IAENG International Journal of Computer Science},
  volume={43},
  number={3},
  pages={270--276},
  year={2016}
}

@inproceedings{shokri2015privacy,
  title={Privacy-preserving deep learning},
  author={Shokri, Reza and Shmatikov, Vitaly},
  booktitle={Proceedings of the 22nd ACM SIGSAC conference on computer and communications security},
  pages={1310--1321},
  year={2015}
}

@article{zech2018variable,
  title={Variable generalization performance of a deep learning model to detect pneumonia in chest radiographs: a cross-sectional study},
  author={Zech, John R and Badgeley, Marcus A and Liu, Manway and Costa, Anthony B and Titano, Joseph J and Oermann, Eric Karl},
  journal={PLoS medicine},
  volume={15},
  number={11},
  year={2018},
  publisher={Public Library of Science}
}


@article{chase2017private,
  title={Private Collaborative Neural Network Learning.},
  author={Chase, Melissa and Gilad-Bachrach, Ran and Laine, Kim and Lauter, Kristin E and Rindal, Peter},
  journal={IACR Cryptology ePrint Archive},
  volume={2017},
  pages={762},
  year={2017}
}

@article{hinton2012deep,
  title={Deep neural networks for acoustic modeling in speech recognition: The shared views of four research groups},
  author={Hinton, Geoffrey and Deng, Li and Yu, Dong and Dahl, George E and Mohamed, Abdel-rahman and Jaitly, Navdeep and Senior, Andrew and Vanhoucke, Vincent and Nguyen, Patrick and Sainath, Tara N and others},
  journal={IEEE Signal processing magazine},
  volume={29},
  number={6},
  pages={82--97},
  year={2012},
  publisher={IEEE}
}

@inproceedings{graves2013speech,
  title={Speech recognition with deep recurrent neural networks},
  author={Graves, Alex and Mohamed, Abdel-rahman and Hinton, Geoffrey},
  booktitle={2013 IEEE international conference on acoustics, speech and signal processing},
  pages={6645--6649},
  year={2013},
  organization={IEEE}
}

@misc{chicurel2000databasing,
  title={Databasing the brain},
  author={Chicurel, Marina},
  year={2000},
  publisher={Nature Publishing Group}
}

@inproceedings{zhong2011bilinear,
  title={Bilinear deep learning for image classification},
  author={Zhong, Sheng-hua and Liu, Yan and Liu, Yang},
  booktitle={Proceedings of the 19th ACM international conference on Multimedia},
  pages={343--352},
  year={2011}
}

@inproceedings{vaidya2003leveraging,
  title={Leveraging the" Multi" in secure multi-party computation},
  author={Vaidya, Jaideep and Clifton, Chris},
  booktitle={Proceedings of the 2003 ACM workshop on Privacy in the electronic society},
  pages={53--59},
  year={2003}
}

@article{act1996health,
  title={Health insurance portability and accountability act of 1996},
  author={Act, Accountability},
  journal={Public law},
  volume={104},
  pages={191},
  year={1996}
}
@article{blechner2002health,
  title={Health Insurance Portability and Accountability Act of 1996 (HIPAA): a provider's overview of new privacy regulations.},
  author={Blechner, Barbara and Butera, Adam},
  journal={Connecticut medicine},
  volume={66},
  number={2},
  pages={91--95},
  year={2002}
}

@article{young2018recent,
  title={Recent trends in deep learning based natural language processing},
  author={Young, Tom and Hazarika, Devamanyu and Poria, Soujanya and Cambria, Erik},
  journal={ieee Computational intelligenCe magazine},
  volume={13},
  number={3},
  pages={55--75},
  year={2018},
  publisher={IEEE}
}

@inproceedings{al2017deep,
  title={Deep learning algorithm for autonomous driving using GoogLeNet},
  author={Al-Qizwini, Mohammed and Barjasteh, Iman and Al-Qassab, Hothaifa and Radha, Hayder},
  booktitle={2017 IEEE Intelligent Vehicles Symposium (IV)},
  pages={89--96},
  year={2017},
  organization={IEEE}
}

@article{ding2015robust,
  title={Robust face recognition via multimodal deep face representation},
  author={Ding, Changxing and Tao, Dacheng},
  journal={IEEE Transactions on Multimedia},
  volume={17},
  number={11},
  pages={2049--2058},
  year={2015},
  publisher={IEEE}
}

@article{huval2015empirical,
  title={An empirical evaluation of deep learning on highway driving},
  author={Huval, Brody and Wang, Tao and Tandon, Sameep and Kiske, Jeff and Song, Will and Pazhayampallil, Joel and Andriluka, Mykhaylo and Rajpurkar, Pranav and Migimatsu, Toki and Cheng-Yue, Royce and others},
  journal={arXiv preprint arXiv:1504.01716},
  year={2015}
}

@inproceedings{danaee2017deep,
  title={A deep learning approach for cancer detection and relevant gene identification},
  author={Danaee, Padideh and Ghaeini, Reza and Hendrix, David A},
  booktitle={PACIFIC SYMPOSIUM ON BIOCOMPUTING 2017},
  pages={219--229},
  year={2017},
  organization={World Scientific}
}
@article{abdulkader2016introducing,
  title={Introducing DeepText: Facebook’s text understanding engine},
  author={Abdulkader, Ahmad and Lakshmiratan, Aparna and Zhang, Joy},
  journal={Facebook Code},
  year={2016}
}

@book{Goodfellow-et-al-2016,
    title={Deep Learning},
    author={Ian Goodfellow and Yoshua Bengio and Aaron Courville},
    publisher={MIT Press},
    note={\url{http://www.deeplearningbook.org}},
    year={2016}
}

@article{ruder2016overview,
  title={An overview of gradient descent optimization algorithms},
  author={Ruder, Sebastian},
  journal={arXiv preprint arXiv:1609.04747},
  year={2016}
}

@incollection{bottou2010large,
  title={Large-scale machine learning with stochastic gradient descent},
  author={Bottou, L{\'e}on},
  booktitle={Proceedings of COMPSTAT'2010},
  pages={177--186},
  year={2010},
  publisher={Springer}
}

@inproceedings{sun2014deep,
  title={Deep learning face representation from predicting 10,000 classes},
  author={Sun, Yi and Wang, Xiaogang and Tang, Xiaoou},
  booktitle={Proceedings of the IEEE conference on computer vision and pattern recognition},
  pages={1891--1898},
  year={2014}
}

@article{ma2015hyperspectral,
  title={Hyperspectral image classification via contextual deep learning},
  author={Ma, Xiaorui and Geng, Jie and Wang, Hongyu},
  journal={EURASIP Journal on Image and Video Processing},
  volume={2015},
  number={1},
  pages={20},
  year={2015},
  publisher={Springer}
}








%------------------------------------------------------------------------------------------
%----------------------------------------------------------------------------------------

@article{marvelphy,
    author  = "H. Pym, S Lee",
    title   = "A made up master work of Quantum Reality",
    year    = "1949",
    journal = "Mavel Physics Vol. 1",
}

@article{marvelphyapp,
    author  = "B. Banner",
    title   = "Gamma Radiation and Other Super Physics",
    year    = "1948",
    journal = "Mavel Physics Applied",
}





















